@inproceedings{lewis1995fast,
  title={Fast normalized cross-correlation},
  author={Lewis, JP},
  booktitle={Vision interface},
  volume={10},
  number={1},
  pages={120--123},
  year={1995}
}